<?xml version="1.0" encoding="UTF-8"?><collection xmlns="http://www.loc.gov/MARC21/slim"><record><leader>00411nam--2200133-i-4500</leader><controlfield tag="001">000001675</controlfield><controlfield tag="002">20161230</controlfield><controlfield tag="005">20161230201024</controlfield><controlfield tag="008">060222s1000------------r-----000-0-eng-d</controlfield><datafield ind1=" " ind2=" " tag="080"><subfield code="a">025.3</subfield></datafield><datafield ind1=" " ind2=" " tag="100"><subfield code="a">Giteau, Cecile</subfield></datafield><datafield ind1=" " ind2=" " tag="245"><subfield code="a">Manuel de catalogage.auteurs-titres.1-ere partie. corrigees des exercices- 2e partie</subfield></datafield><datafield ind1=" " ind2=" " tag="260"><subfield code="a">Paris, Ecole Nationale Superieure Des Bibliotheques, 1971. 155-246 P</subfield></datafield><datafield ind1=" " ind2=" " tag="852"><subfield code="a">D.2079</subfield></datafield></record></collection>